@article{odeint,
    author = "Scipy",
    title = "Scipy docs for ODEINT",
    year = "2018",
    url = "https://docs.scipy.org/doc/scipy/reference/generated/scipy.integrate.odeint.html"
}

@article{book,
    author = "Rubin H. Landau",
    title = "A Survey of Computational Physics",
    year = "2011",
    url = "https://psrc.aapt.org/document/ServeFile.cfm?ID=11578&DocID=2499&Attachment=1"
}

@article{wiki,
    author = "Wikipedia",
    title = "Chaotic scattering",
    year = "2018",
    url = "https://en.wikipedia.org/wiki/Chaotic_scattering"
}

@article{repo,
    author = "Alex Olar",
    title = "Chaotic scattering - Github repository",
    year = "2018",
    url = "https://github.com/qbeer/compSym"
}